@Misc{guiaSDL,
  title = 	 {Beginner's {G}uide to {SDL}},
  howpublished = {Disponível em
                  \url{http://www.brainycode.com/downloads/LearningSDL011.pdf}},
  month = 	 {Novembro},
  year = 	 {2011},
  note = 	 {Acessado em 30 de agosto de 2014},
  annote = 	 {}
}

@Book{labma,
  author =   {Marco Cabral and Paulo Goldfeld},
  title =    {Curso de Álgebra Linear - Fundamentos e aplicações},
  howpublished = {Disponível em
                  \url{http://www.labma.ufrj.br/~mcabral/textos/alglin/CursoAlgLin-livro.pdf}},
  month =    {Outubro},
  year =   {2012},
  note =   {Acessado em 31 de novembro de 2014},
  annote =   {},
  OPTedition =   {3},
}

@Book{cbook,
  author =   {Brian W. Kernighan and Dennis M. Ritchie},
  title =    {The C Programming Language},
  howpublished = {Prentice Hall PTR},
  month =    {},
  year =   {1989},
  annote =   {},
  OPTedition =   {2},
}

@Book{cppbook,
  author =   {Stanley B. Lippman and Josés Lajoile and Barbara Moo},
  title =    {C++ Primer},
  howpublished = {Addison-Wesley},
  month =    {},
  year =   {2013},
  annote =   {},
  OPTedition =   {5},
}

@Book{poojs,
  author = 	 {Nicholas C. Zakas},
  title = 	 {{Principles of Object-Programming in JavaScript}},
  publisher = 	 {Lean Publishers},
  year = 	 {2014}
}

@InProceedings{sbie2010a,
  author = 	 {Ayla Débora Dantas S. Rebouças and Diego Lopez
                  Marques and Luís Feliphe Silva Costa and Max André
                  de Azevedo Silva},
  title = 	 {{Aprendendo a Ensinar Programação Combinando Jogos e Python}},
  OPTcrossref =  {},
  OPTkey = 	 {},
  OPTbooktitle = {Anais do SBIE 2010},
  OPTpages = 	 {},
  OPTyear = 	 {2010},
  OPTeditor = 	 {},
  OPTvolume = 	 {},
  OPTnumber = 	 {},
  OPTseries = 	 {},
  OPTaddress = 	 {},
  OPTmonth = 	 {},
  OPTorganization = {SBC},
  OPTpublisher = {},
  OPTnote = 	 {\url{http://www.br-ie.org/pub/index.php/sbie/issue/view/47}},
  OPTannote = 	 {}
}


@Misc{wikiogl,
  OPTauthor = 	 {},
  title = 	 {OpenGL {P}rogramming},
  howpublished = {Eletronicamente, \url{http://http://en.wikibooks.org/wiki/OpenGL_Programming}},
  OPTmonth = 	 {},
  OPTyear = 	 {},
  note = 	 {Acessado em novembro 2014},
  OPTannote = 	 {}
}

@Misc{aot4,
  author = 	 {Anton Gerdelan},
  title = 	 {Anton's {O}penGL 4 {T}utorials},
  howpublished = {Kindle Edition},
  year = 	 {2014}
}

@Misc{glu,
  title =    {GLUT and OpenGL Utility},
  note =   {Acessado em 30 de novembro de 2014},
  howpublished = {Disponível em \url{https://www.opengl.org/resources/libraries/}}
}

@Misc{playlibgames,

  title =    {\mbox{PlayLib -- {G}aleria de {E}xemplos}},
  note =   {Acessado em 19 de setembro de 2014},
  howpublished = {Disponível em \url{http://playlib.3dgb.com.br/index.php?option=com_k2&view=itemlist&layout=category&task=category&id=2&Itemid=492}}
}


@Book{jogoSDL,
  ALTauthor = 	 {Shaun Mitchell},
  ALTeditor = 	 {},
  title = 	 {SDL Game Development},
  publisher = 	 {Packt Publishing},
  year = 	 {2013},
  OPTmonth = 	 {june},
  OPTnote = 	 {Cobre SDL 2.0},
  OPTannote = 	 {}
}

@Manual{sdl1111,
  title = 	 {Beginner's Guide to SDL Building Games with SDL and C++},
  OPTkey = 	 {},
  OPTauthor = 	 {},
  OPTorganization = {},
  OPTaddress = 	 {},
  OPTedition = 	 {},
  month = 	 {11},
  year = 	 {11},
  note = 	 {nyguerrilagirl@braincode.com},
  OPTannote = 	 {}
}


@Book{cookbook,
  ALTauthor = 	 {Muhammad Mobeen Movania},
  ALTeditor = 	 {},
  title = 	 {OpenGL Development Cookbook},
  publisher = 	 {Packt Publishing},
  year = 	 {2013},
  OPTkey = 	 {},
  OPTvolume = 	 {},
  OPTnumber = 	 {},
  OPTseries = 	 {},
  OPTaddress = 	 {},
  OPTedition = 	 {},
  OPTmonth = 	 {},
  OPTnote = 	 {},
  OPTannote = 	 {}
}

@Book{sb6,
  ALTauthor = 	 {Graham Sellers and Richard S. Wright Jr and Nicholas Haemel},
  title = 	 {OpenGL SuperBible },
  publisher = 	 {Pearson Education Inc},
  year = 	 {2014},
  edition = 	 {6}
}

@Book{angel6th,
  author = 	 {Edward Angel and Dave Shreiner},
  title = 	 {Interactive Computer Graphics},
  publisher = 	 {Addison-Wesley},
  year = 	 {2012},
  OPTkey = 	 {},
  OPTvolume = 	 {},
  OPTnumber = 	 {},
  OPTseries = 	 {},
  OPTaddress = 	 {},
  OPTedition = 	 {6},
  OPTmonth = 	 {},
  OPTnote = 	 {},
  OPTannote = 	 {}
}

@Book{opengl8th,
  author = 	 {Dave Shreiner and Graham Sellers and John Kessenich and Bill Licea-Kane},
  title = 	 {OpenGL Programming Guide},
  publisher = 	 {Addison-Wesley},
  year = 	 {2013},
  OPTkey = 	 {},
  OPTvolume = 	 {},
  OPTnumber = 	 {},
  OPTseries = 	 {},
  OPTaddress = 	 {},
  OPTedition = 	 {8},
  OPTmonth = 	 {},
  OPTnote = 	 {},
  OPTannote = 	 {}
}



@Misc{poonirosh,
  OPTkey = 	 {},
  OPTauthor = 	 {},
  title = 	 {{Introduction to Object Oriented Programming Concepts (OOP) and More}},
  howpublished ={disponível em
                  \url{http://www.codeproject.com/Articles/22769/Introduction-to-Object-Oriented-Programming-Concep}},
  OPTmonth = 	 {},
  OPTyear = 	 {},
  note = 	 {Acessado em fevereiro de 2014.},
  OPTannote = 	 {}
}

@Booklet{poowong,
  title = 	 {{Principles of Object-Oriented Programming}},
  OPTkey = 	 {},
  author = 	 {Mark Husband and Dung Nguyen and Stephen Wong},
  OPThowpublished = {},
  OPTaddress = 	 {},
  OPTmonth = 	 {},
  year = 	 {2008},
  note =	 {Acessado em setembro 2014,
                  \url{http://florida.theorangegrove.org/og/file/33bf62f3-8ad1-7dde-e23f-6f17aca953c7/1/OOProgramming.pdf}},
  OPTannote = 	 {}
}

@Book{poo,
  author =   {Bertrand Meyer},
  title =    {Object-Oriented - Software Construction},
  publisher =    {ISE Inc},
  year =   {1997},
  OPTkey =   {},
  OPTvolume =    {},
  OPTnumber =    {},
  OPTseries =    {},
  OPTaddress =   {},
  OPTedition =   {2},
  OPTmonth =   {January},
  OPTnote =    {},
  OPTannote =    {}
}

@Book{opengl4th,
  author =   {Dave Shreiner and Manson Woo and Jackie Neider and Bill Tom Davis},
  title =    {OpenGL Programming Guide},
  publisher =    {Addison-Wesley},
  year =   {2004},
  OPTkey =   {},
  OPTvolume =    {},
  OPTnumber =    {},
  OPTseries =    {},
  OPTaddress =   {},
  OPTedition =   {4},
  OPTmonth =   {},
  OPTnote =    {},
  OPTannote =    {}
}

@MastersThesis{,
  author = 	 {},
  title = 	 {},
  school = 	 {},
  year = 	 {},
  OPTkey = 	 {},
  OPTtype = 	 {},
  OPTaddress = 	 {},
  OPTmonth = 	 {},
  OPTnote = 	 {},
  OPTannote = 	 {}
}



@Manual{,
  title = 	 {},
  OPTkey = 	 {},
  OPTauthor = 	 {},
  OPTorganization = {},
  OPTaddress = 	 {},
  OPTedition = 	 {},
  OPTmonth = 	 {},
  OPTyear = 	 {},
  OPTnote = 	 {},
  OPTannote = 	 {}
}

@Manual{renoartigo,
  author = {Reno Medeiros Dantas},
  title = {Um {T}este {C}omparativo entre {O}pen{GL} e {SDL}},
  note = {Monografia. {Departamento de Ciência da Computação/}{\textsf{{U}n{B}}}},
  year = {2012},
}

@Manual{johnnyartigo,
  author = {Johnny Ahrens},
  title = {Shader Não Fotorrealístico para Desenho de Mangás},
  note = {Monografia. {Departamento de Ciência da Computação/}{\textsf{{U}n{B}}}},
  year = {2009},
}

@unpublished{mineracao,
  author = {Luísa Behrens Palmeira and Matheus Parreira Santos},
  title = {Mineração de dados para estudar evasão no curso de Bacharelado em Ciência da Computação da Univerdasidade de Brasília},
  note = {Monografia. {Departamento de Ciência da Computação/}{\textsf{{U}n{B}}}}
}

@Manual{glfw,
  author = {Marcus Geelnard and Camilla Berglund},
  title = {GLFW - Reference guide},
  note = {API version 2.7},
  year = {2010},
}

@Manual{mec,
  author = {Ministério da Educação },
  title =	 {Diretrizes Curriculares dos cursos de Bacharelado em
                  {C}iência da {C}omputação, {E}ngenharia de
                  {C}omputação, Engenharia de Software e Sistemas de
                  Informação},
  institution = {MEC},
  year = {}
}

@Manual{recsbc,
  author = 	 {Sociedade Brasileira de Computação},
  title =	 {Curr{\'\i}culo de {R}eferência da SBC para {C}ursos
                  de {G}raduação em {B}acharelado em {C}iência da
                  {C}omputação e {E}ngenharia de {C}omputação},
  institution =  {SBC},
  year = 	 {2005}
}

@Manual{pppbach,
  author = {Departamento de Ciência da Computação},
  title =	 {Plano Político Pedagógico do Curso de Bacharelado em
                  Ciência da Computação},
  note = {},
  year = {2014},
}

@misc{khan,
  author = {Sal},
  title = {Khan Academy},
  howpublished = {Disponível em \url{https://www.khanacademy.org/}},
  note = {Acessado em 18 de setembro de 2014}
}

@misc{alT,
  author = {Mauro Ricon and Márcia Fampa},
  title = {Aula 14: Transformações lineares},
  howpublished = {Disponível em \url{http://www.dcc.ufrj.br/~rincon/Disciplinas/Algebra\%20Linear/Aula_014.pdf}},
  note = {Acessado em 24 de novembro de 2014}
}

@misc{transrot,
  author = {Mauri C. Nascimento},
  title = {Translação e rotação no plano},
  howpublished = {Disponível em \url{http://wwwp.fc.unesp.br/~mauri/Down/RotaTransla.pdf}},
  note = {Acessado em 24 de novembro de 2014}
}

@misc{aulaRalha,
  author = {José Carlos Loureiro Ralha},
  title = {Transformações},
  howpublished = {Notas de aula de abril de 2012}
  }


@misc{tutoriahorario,
  title = {Fórum de Notícias de Computação Básica - Turma B},
  howpublished = {Disponível em \url{http://aprender.unb.br/mod/forum/discuss.php?d=244209}},
  note = {Acessado em 27 de outubro de 2014}
}

@misc{grok,
  author = {Tara Murphy and James Curran},
  title = {Grok Learning},
  howpublished = {Disponível em \url{https://groklearning.com/}},
  note = {Acessado em 18 de setembro de 2014}
}

@misc{code,
  author = {Hadi Partovi},
  title = {Anybody can learn | Code.org},
  howpublished = {Disponível em \url{http://code.org}},
  note = {Acessado em 28 de agosto de 2014}
}

@misc{playlib,
  author = {Edirlei Soares de Lima and Bruno Feijó},
  title = {Educational Game Programming Library},
  howpublished = {Disponível em \url{http://www.inf.puc-rio.br/~playlib/}},
  note = {Acessado em 02 de setembro de 2014}
}

@misc{winbgim,
  author = {Michael Main},
  title = {Borland Graphics Interface (BGI) for Windows},
  howpublished = {Disponível em \url{http://winbgim.codecutter.org/}},
  note = {Acessado em 02 de outubro de 2014}
}

@misc{winbgimGuia,
  author = {Michael Main},
  title = {Guide to Borland Graphics Interface (BGI) for Windows},
  howpublished = {Disponível em \url{http://www.cs.colorado.edu/~main/cs1300/doc/bgi/index.html}},
  note = {Acessado em 02 de outubro de 2014}
}

@misc{borlandc,
  author = {Borland Software Corporation},
  title = {BorlandC},
  howpublished = {Disponível em \url{http://borlandc.org/}},
  note = {Acessado em 02 de outubro de 2014}
}
